@book{friedman1970foundations,
  title={Foundations of Modern Analysis},
  author={Friedman, Avner},
  year={1970},
  publisher={Dover Publications},
  isbn={0-486-64062-0}
}
