@book{ahlfors_complex_1979,
  author    = {Lars Ahlfors},
  title     = {Complex Analysis},
  publisher = {McGraw-Hill},
  year      = {1979},
  edition   = {3rd},
  address   = {New York},
  isbn      = {978-0070006577}
}

@book{conway_functions_1978,
  author    = {John B. Conway},
  title     = {Functions of One Complex Variable},
  publisher = {Springer},
  year      = {1978},
  edition   = {2nd},
  series    = {Graduate Texts in Mathematics},
  volume    = {11},
  address   = {New York},
  isbn      = {978-0387903286}
}

@book{needham_visual_1997,
  author    = {Tristan Needham},
  title     = {Visual Complex Analysis},
  publisher = {Clarendon Press, Oxford},
  year      = {1997},
  address   = {Oxford},
  isbn      = {978-0198534464}
}

@book{brown_complex_2009,
  author    = {James Ward Brown and Ruel V. Churchill},
  title     = {Complex Variables and Applications},
  publisher = {McGraw-Hill},
  year      = {2009},
  edition   = {8th},
  address   = {New York},
  isbn      = {978-0073051949}
}

@book{copson_complex_1970,
  author    = {E. T. Copson},
  title     = {Complex Analysis: An Introduction to the Theory of Analytic Functions of One Complex Variable},
  publisher = {Oxford University Press},
  year      = {1970},
  address   = {Oxford},
  isbn      = {978-0198531845}
}

@book{sarason_complex_1994,
  author    = {Donald Sarason},
  title     = {Complex Function Theory},
  publisher = {American Mathematical Society},
  year      = {1994},
  edition   = {2nd},
  address   = {Providence},
  isbn      = {978-0821808610}
}

@book{rudin_real_1986,
  author    = {Walter Rudin},
  title     = {Real and Complex Analysis},
  publisher = {McGraw-Hill},
  year      = {1986},
  edition   = {3rd},
  address   = {New York},
  isbn      = {978-0070542341}
}

@book{ullrich_complex_2008,
  author    = {David C. Ullrich},
  title     = {Complex Made Simple},
  publisher = {American Mathematical Society},
  year      = {2008},
  series    = {Graduate Studies in Mathematics},
  volume    = {97},
  address   = {Providence},
  isbn      = {978-0821847909}
}

@book{cartan_analytic_1963,
  author    = {Henri Cartan},
  title     = {Analytic Function Theory},
  publisher = {Hermann and Cie},
  year      = {1963},
  address   = {Paris},
  isbn      = {978-2710803011}
}

@book{titchmarsh_theory_1939,
  author    = {E. C. Titchmarsh},
  title     = {The Theory of Functions},
  publisher = {Oxford University Press},
  year      = {1939},
  edition   = {2nd},
  address   = {Oxford},
  isbn      = {978-0198533498}
}

@book{rudin_principles_1976,
  author    = {Walter Rudin},
  title     = {Principles of Mathematical Analysis},
  publisher = {McGraw-Hill},
  year      = {1976},
  edition   = {3rd},
  address   = {New York},
  isbn      = {978-0070542358}
}


@book{abbott_understanding_2015,
  author    = {Stephen Abbott},
  title     = {Understanding Analysis},
  publisher = {Springer},
  year      = {2015},
  edition   = {2nd},
  series    = {Undergraduate Texts in Mathematics},
  address   = {New York},
  isbn      = {978-1493927111}
}